<?xml version="1.0" encoding="UTF-8"?><collection xmlns="http://www.loc.gov/MARC21/slim"><record><leader>00403nam--2200133-i-4500</leader><controlfield tag="001">000028741</controlfield><controlfield tag="002">20161230</controlfield><controlfield tag="005">20161230201037</controlfield><controlfield tag="008">060222s1000------------r-----000-0-eng-d</controlfield><datafield ind1=" " ind2=" " tag="080"><subfield code="a">547</subfield></datafield><datafield ind1=" " ind2=" " tag="100"><subfield code="a">Leuschner, Gunter</subfield></datafield><datafield ind1=" " ind2=" " tag="245"><subfield code="a">Der konzentrationsumschlag der fluoreszenz von pyren in flussingen und festen losungsmitteln</subfield></datafield><datafield ind1=" " ind2=" " tag="260"><subfield code="a">Stuttgart, Technische Hochschule, 1967, 45p.+ 33 Fig</subfield></datafield><datafield ind1=" " ind2=" " tag="852"><subfield code="a">28275</subfield></datafield></record></collection>